<record><leader>00000cas a22000007a 4500</leader><controlfield tag="001">26947776</controlfield><controlfield tag="008">921110d19061906cauwr ne      0    0eng d</controlfield><datafield ind1=" " ind2=" " tag="010"><subfield code="a">sn 92070109 </subfield></datafield><datafield ind1=" " ind2=" " tag="040"><subfield code="a">CNK</subfield><subfield code="b">eng</subfield><subfield code="c">CNK</subfield><subfield code="d">OCLCQ</subfield></datafield><datafield ind1=" " ind2=" " tag="042"><subfield code="a">msc</subfield></datafield><datafield ind1="0" ind2="0" tag="245"><subfield code="a">Press and horticulturist of Corona, California.</subfield></datafield><datafield ind1=" " ind2=" " tag="260"><subfield code="a">Corona, Calif. :</subfield><subfield code="b">H.C. Cree</subfield></datafield><datafield ind1=" " ind2=" " tag="300"><subfield code="a">v.</subfield></datafield><datafield ind1=" " ind2=" " tag="310"><subfield code="a">Weekly</subfield></datafield><datafield ind1="0" ind2=" " tag="362"><subfield code="a">Vol. 31, no. 17 (Apr. 27, 1906)-v. 31, no. 33 (Aug. 17, 1906).</subfield></datafield><datafield ind1=" " ind2="4" tag="651"><subfield code="a">Riverside County (Calif.)</subfield><subfield code="v">Newspapers.</subfield></datafield><datafield ind1=" " ind2=" " tag="752"><subfield code="a">United States</subfield><subfield code="b">California</subfield><subfield code="c">Riverside</subfield><subfield code="d">Corona.</subfield></datafield><datafield ind1="0" ind2="0" tag="780"><subfield code="t">Press and horticulturist (Riverside, Calif. : 1889)</subfield><subfield code="w">(DLC)sn 92070108</subfield></datafield><datafield ind1="0" ind2="0" tag="785"><subfield code="t">Corona independent (Corona, Calif. : 1906)</subfield><subfield code="w">(DLC)sn 92070110</subfield></datafield><datafield ind1="1" ind2=" " tag="029"><subfield code="a">AU@</subfield><subfield code="b">000020736660</subfield></datafield></record>